<record><leader>00000cas a22000007a 4500</leader><controlfield tag="001">21012564</controlfield><controlfield tag="008">900207d18951917nhuwr ne      0    0eng d</controlfield><datafield ind1=" " ind2=" " tag="010"><subfield code="a">sn 90062331 </subfield></datafield><datafield ind1=" " ind2=" " tag="040"><subfield code="a">NVH</subfield><subfield code="b">eng</subfield><subfield code="c">NVH</subfield><subfield code="d">OCLCQ</subfield></datafield><datafield ind1=" " ind2=" " tag="042"><subfield code="a">msc</subfield></datafield><datafield ind1="0" ind2=" " tag="130"><subfield code="a">Winchester star (Winchester, N.H. : 1895)</subfield></datafield><datafield ind1="1" ind2="0" tag="245"><subfield code="a">Winchester star.</subfield></datafield><datafield ind1=" " ind2=" " tag="260"><subfield code="a">Winchester, N.H. :</subfield><subfield code="b">C.E. Babcock</subfield></datafield><datafield ind1=" " ind2=" " tag="300"><subfield code="a">v.</subfield></datafield><datafield ind1=" " ind2=" " tag="310"><subfield code="a">Weekly</subfield></datafield><datafield ind1="0" ind2=" " tag="362"><subfield code="a">Vol. 1, no. 1 (Oct. 18, 1895)-v. 22, no. 43 (Sept. 25, 1917).</subfield></datafield><datafield ind1=" " ind2=" " tag="752"><subfield code="a">United States</subfield><subfield code="b">New Hampshire</subfield><subfield code="c">Cheshire</subfield><subfield code="d">Winchester.</subfield></datafield></record>